@article{lees2010theoretical,
  title={Theoretical maximum capacity as benchmark for empty vehicle redistribution in personal rapid transit},
  author={Lees-Miller, John and Hammersley, John and Wilson, R},
  journal={Transportation Research Record: Journal of the Transportation Research Board},
  number={2146},
  pages={76--83},
  year={2010},
  publisher={Transportation Research Board of the National Academies}
}
@Article{pmid26500801,
   Author="Dabdoub, C. B.  and Salas, G.  and Silveira, E. d. o.  N.  and Dabdoub, C. F. ",
   Title="{{R}eview of the management of pneumocephalus}",
   Journal="Surg Neurol Int",
   Year="2015",
   Volume="6",
   Pages="155"
}
% 23607059 
@Article{pmid23607059,
   Author="Solomiichuk, V. O.  and Lebed, V. O.  and Drizhdov, K. I. ",
   Title="{{P}osttraumatic delayed subdural tension pneumocephalus}",
   Journal="Surg Neurol Int",
   Year="2013",
   Volume="4",
   Pages="37"
}
% 15953284 
@Article{pmid15953284,
   Author="Bernstein, A. L.  and Cassidy, J.  and Duchynski, R.  and Eisenberg, S. S. ",
   Title="{{A}typical headache after prolonged treatment with nasal continuous positive airway pressure}",
   Journal="Headache",
   Year="2005",
   Volume="45",
   Number="5",
   Pages="609--611",
   Month="May"
}

% 3335913 
@Article{pmid3335913,
   Author="Ishiwata, Y.  and Fujitsu, K.  and Sekino, T.  and Fujino, H.  and Kubokura, T.  and Tsubone, K.  and Kuwabara, T. ",
   Title="{{S}ubdural tension pneumocephalus following surgery for chronic subdural hematoma}",
   Journal="J Neurosurg",
   Year="1988",
   Volume="68",
   Number="1",
   Pages="58--61",
   Month="Jan"
}

% 6032371 
@Article{pmid6032371,
   Author="Markham, J. W. ",
   Title="{{T}he clinical features of pneumocephalus based upon a survey of 284 cases with report of 11 additional cases}",
   Journal="Acta Neurochir (Wien)",
   Year="1967",
   Volume="16",
   Number="1",
   Pages="1--78"
}

% 15286317 
@Article{pmid15286317,
   Author="Michel, S. J. ",
   Title="{{T}he {M}ount {F}uji sign}",
   Journal="Radiology",
   Year="2004",
   Volume="232",
   Number="2",
   Pages="449--450",
   Month="Aug"
}

% 7142505 
@Article{pmid7142505,
   Author="Monajati, A.  and Cotanch, W. W. ",
   Title="{{S}ubdural tension pneumocephalus following surgery}",
   Journal="J Comput Assist Tomogr",
   Year="1982",
   Volume="6",
   Number="5",
   Pages="902--906",
   Month="Oct"
}

% 24305016 
@Article{pmid24305016,
   Author="Karavelioglu, E.  and Eser, O.  and Haktanir, A. ",
   Title="{{P}neumocephalus and pneumorrhachis after spinal surgery: case report and review of the literature}",
   Journal="Neurol Med Chir (Tokyo)",
   Year="2014",
   Volume="54",
   Number="5",
   Pages="405--407"
}

% 25328392 
@Article{pmid25328392,
   Author="Paiva, W. S.  and de Andrade, A. F.  and Figueiredo, E. G.  and Amorim, R. L.  and Prudente, M.  and Teixeira, M. J. ",
   Title="{{E}ffects of hyperbaric oxygenation therapy on symptomatic pneumocephalus}",
   Journal="Ther Clin Risk Manag",
   Year="2014",
   Volume="10",
   Pages="769--773"
}

% 16379134 
@Article{pmid16379134,
   Author="Webber-Jones, J. E. ",
   Title="{{T}ension pneumocephalus}",
   Journal="J Neurosci Nurs",
   Year="2005",
   Volume="37",
   Number="5",
   Pages="272--276",
   Month="Oct"
}

% 18447708 
@Article{pmid18447708,
   Author="Gore, P. A.  and Maan, H.  and Chang, S.  and Pitt, A. M.  and Spetzler, R. F.  and Nakaji, P. ",
   Title="{{N}ormobaric oxygen therapy strategies in the treatment of postcraniotomy pneumocephalus}",
   Journal="J Neurosurg",
   Year="2008",
   Volume="108",
   Number="5",
   Pages="926--929",
   Month="May"
}

% 25992622 
@Article{pmid25992622,
   Author="Hong, B.  and Biertz, F.  and Raab, P.  and Scheinichen, D.  and Ertl, P.  and Grosshennig, A.  and Nakamura, M.  and Hermann, E. J.  and Lang, J. M.  and Lanfermann, H.  and Krauss, J. K. ",
   Title="{{N}ormobaric hyperoxia for treatment of pneumocephalus after posterior fossa surgery in the semisitting position: a prospective randomized controlled trial}",
   Journal="PLoS One",
   Year="2015",
   Volume="10",
   Number="5",
   Pages="e0125710"
}